@PhDThesis{ref_randompr,
	author={Fabien Mathieu},
	title={Graphes du Web, Mesures d'importance à la PageRank},
	school={Université de Montpellier II - Sciences et Techniques du Languedoc},
	year={2012},
	note={Voir: \url{https://tel.archives-ouvertes.fr/tel-00667563/document}}
},
@techreport{ref_wikipr,
	author={Eric Roberts},
	title={The Google PageRank Algorithm},
	institution={Stanford University},
	year={2016},
	note={Voir: \url{https://web.stanford.edu/class/cs54n/handouts/24-GooglePageRankAlgorithm.pdf}},
	address={San Francisco, US}
},
@techreport{ref_mathpr,
	author={Rebecca S. Wills},
	title={Google's PageRank : The Math Behind the Search Engine},
	institution={North Carolina State University},
	year={2006},
	note={Voir: \url{https://pdfs.semanticscholar.org/3356/6b740d3cd0c0dde57e13b5da148bef37376f.pdf}},
	address={Raleigh, US}
},
@techreport{ref_markovpr,
	author={Phan Tran Thanh Du},
	title={Modélisations Mathématiques: Google PageRank et Chaîne de Markov},
	institution={Ecole Nationale Supérieure de Cognitique - Institut Polytechnique de Bordeaux},
	year={2015},
	note={Voir: \url{https://duphan.files.wordpress.com/2015/12/google-pagerank-et-chaicc82ne-de-markov.pdf}},
	address={Bordeaux, France}
},
@techreport{ref_originalpr,
	author={Larry Page and Sergey Brin},	
	title={The PageRank Citation Ranking: Bringing order to the Web},
	institution={Stanford University},
	year={1998},
	note={Voir: \url{http://ilpubs.stanford.edu:8090/422/1/1999-66.pdf}},
	address={California, US}
},
@misc{ref_graphpr,
  author = {Daniel Lemire},
  title = {Recherche et filtrage d'informations},
  howpublished = "\url{http://benhur.teluq.ca/SPIP/inf6460/spip.php?article53}",
  note = "[Online; accessed 6-May-2019]"
},
@article{ref_dampingpr,
	author={Marco Bressan and Enoch Peserico},
	title={Choose the damping, choose the ranking ?},
	journal={Journal of Discrete Algorithms},
	institution={Department of Information Engineering, University of Padova},
	year={2010},
	note={Voir: \url{https://www.sciencedirect.com/science/article/pii/S1570866709000926}},
	address={Padova, Italy}
},
@misc{ref_cheirank,
	author = {Olivier Andrieu},
	title = {Le CheiRank, futur du PageRank ?},
	howpublished = "\url{https://www.abondance.com/20100723-10417-le-cheirank-futur-du-pagerank.html}",
	note = "[Online; accessed 2-June-2019]"
},
@misc{ref_hits,
	author = {Jure Leskovec},
	title = {Link Analysis: PageRank and Similar Ideas},
	month = {February},
	year = {2012},
	institution = {Stanford University}
},
@online{ref_trustrank,
	title = {TrustRank: Explications},
	date = {2009},
	organization = {InfoWebMaster.fr},
	author = {Tony},
	howpublished = "\url{http://www.infowebmaster.fr/35,news-trustrank-explications.html}"
},
@techreport{ref_spampr,
	author={Dan Gnanapragasam},
	title={Spamming PageRank-like Networks},
	institution={Stanford University},
	year={2014},
	note={Voir: \url{http://snap.stanford.edu/class/cs224w-2014/projects2014/cs224w-85-final.pdf}},
	address={California, US}
},
@techreport{ref_spamtr,
	author={Zoltan Gyöngyi and Hector Garcia-Molina and Jan Pedersen},	
	title={Combating Web Spam with TrustRank},
	institution={Stanford University},
	year={2004},
	note={Voir: \url{http://ilpubs.stanford.edu:8090/770/1/2004-52.pdf}},
	address={California, US}
},
@misc{snapnets,
  author       = {Jure Leskovec and Andrej Krevl},
  title        = {{SNAP Datasets}: {Stanford} Large Network Dataset Collection},
  howpublished = {\url{http://snap.stanford.edu/data}},
  month        = jun,
  year         = 2014
},
@techreport{ref_cypher,
	author={Nadime Francis and Alastair Green and Paolo Guagliardo and Leonid Libkin and Tobias
	Lindaaker and Victor Marsault and Stefan Plantikow and Mats Rydberg and Petra Selmer and Andrés Taylor},
	title={Cypher: An Evolving Query Language for Property Graphs},
	institution={ACM - Association for Computing Machinery},
	year={2017},
	note={Voir: \url{https://victor.marsault.xyz/resources/articles/CypherSigmod_v1.pdf}},
	address={New York, USA}
}